@book{nikeluo,
  title={君主论},
  author={尼科洛·马基雅维里 著},
}

@book{qianmu,
  title={国史大纲},
  author={钱穆},
}

@article{wjwk-mz-lhws,
  title={孟子/梁惠王上},
  author={维基文库},
}

@article{wkpd-jtz,
    title={均田制},
    author={维基百科},
}

@article{wkpd-tctmzd,
    title={天朝田亩制度},
    author={维基百科},
}

@article{bdbk-jtmf,
    title={均田免赋},
    author={百度百科},
}

@article{wkpd-wm,
    title={王莽},
    author={维基百科},
}

@article{bdbk-wm,
    title={王莽},
    author={百度百科},
}

@article{wkpd-wmgz,
    title={王莽改制},
    author={维基百科},
}

@article{wkpd-xnbf,
    title={熙宁变法},
    author={维基百科},
}

@article{mz-twgs,
    title={孟子·滕文公上},
    author={孟子},
}

@article{hhs-cylz,
    title={后汉书·崔骃列传},
    author={范晔},
}

@article{ljs,
    title={古代儒化现象探析——以井田制、禅让制为中心},
    author={李健胜},
}
